% =============================================================================
% | Surveys and papers                                                        |
% =============================================================================


% -----------------------------------------------------------------------------
% Surveys and papers
% -----------------------------------------------------------------------------



% -----------------------------------------------------------------------------
% Books
% -----------------------------------------------------------------------------
 


% -----------------------------------------------------------------------------
% Blog articles
% -----------------------------------------------------------------------------



% -----------------------------------------------------------------------------
% Websites
% -----------------------------------------------------------------------------



% -----------------------------------------------------------------------------
% Source code repositories
% -----------------------------------------------------------------------------

@misc{website:gitlab,
  organization = {\Author},
  title        = {Loïc Guibert / Master Thesis · GitLab},
  month        = {09},
  year         = {2022},
  url          = {https://gitlab.forge.hefr.ch/loic.guibert/mt}
}



% -----------------------------------------------------------------------------
% Various
% -----------------------------------------------------------------------------

